@article{huitt2005overview,
  title={An overview of the conative domain},
  author={Huitt, William and Cain, S},
  journal={Educational Psychology Interactive},
  pages={1--20},
  year={2005}
}

